<collection xmlns="http://www.loc.gov/MARC21/slim">
<record>
  <leader>01603nam0a22003011i 450 </leader>
  <controlfield tag="001">IT\ICCU\CNCE\055331</controlfield>
  <controlfield tag="005">20080305000000.0</controlfield>
  <datafield tag="100" ind1=" " ind2=" ">
    <subfield code="a">20040116d1508        0itac0103    ba</subfield>
  </datafield>
  <datafield tag="101" ind1=" " ind2=" ">
    <subfield code="a">ITA</subfield>
  </datafield>
  <datafield tag="102" ind1=" " ind2=" ">
    <subfield code="a">IT</subfield>
  </datafield>
  <datafield tag="200" ind1="1" ind2=" ">
    <subfield code="a">Paesi nuovamente retrovati et Mondo Novo de Alberico Vesputio florentino intitulato</subfield>
  </datafield>
  <datafield tag="210" ind1=" " ind2=" ">
    <subfield code="e">Stampato in Vicenzia</subfield>
    <subfield code="g">cum la impensa de magistro Henrico Vicentino et diligente cura et industria de Zamaria sui fiol</subfield>
    <subfield code="h">1508</subfield>
  </datafield>
  <datafield tag="215" ind1=" " ind2=" ">
    <subfield code="a">4ʻ</subfield>
  </datafield>
  <datafield tag="300" ind1=" " ind2=" ">
    <subfield code="a">Relazione di viaggi di Da Mosto, Colombo ed altri, curata da Fracanzio  da Montalboddo</subfield>
  </datafield>
  <datafield tag="620" ind1=" " ind2=" ">
    <subfield code="a">IT</subfield>
    <subfield code="d">Vicenza</subfield>
  </datafield>
  <datafield tag="702" ind1=" " ind2="1">
    <subfield code="a">Da_Mosto,</subfield>
    <subfield code="b">Alvise</subfield>
    <subfield code="3">IT\ICCU\CNCA\007516</subfield>
  </datafield>
  <datafield tag="702" ind1=" " ind2="0">
    <subfield code="a">Fracanzio</subfield>
    <subfield code="c"> : da#Montalboddo</subfield>
    <subfield code="3">IT\ICCU\CNCA\011409</subfield>
  </datafield>
  <datafield tag="702" ind1=" " ind2="1">
    <subfield code="a">Vespucci,</subfield>
    <subfield code="b">Amerigo</subfield>
    <subfield code="3">IT\ICCU\CNCA\016221</subfield>
  </datafield>
  <datafield tag="712" ind1="0" ind2="0">
    <subfield code="a">Ca&apos;_Zeno, Enrico &amp; Ca&apos;_Zeno, Giovanni Maria</subfield>
    <subfield code="3">IT\ICCU\CNCT\003067</subfield>
    <subfield code="4">650</subfield>
  </datafield>
  <datafield tag="790" ind1=" " ind2="1">
    <subfield code="a">Cadamosto,</subfield>
    <subfield code="b">Alvise</subfield>
    <subfield code="3">IT\ICCU\CNCA\015750</subfield>
    <subfield code="z">Da_Mosto, Alvise</subfield>
  </datafield>
  <datafield tag="790" ind1=" " ind2="1">
    <subfield code="a">Mosto,</subfield>
    <subfield code="b">Alvise : da</subfield>
    <subfield code="3">IT\ICCU\CNCA\015751</subfield>
    <subfield code="z">Da_Mosto, Alvise</subfield>
  </datafield>
  <datafield tag="790" ind1=" " ind2="1">
    <subfield code="a">Montalboddo,</subfield>
    <subfield code="b">Fracanzano : da</subfield>
    <subfield code="3">IT\ICCU\CNCA\014673</subfield>
    <subfield code="z">Fracanzio : da#Montalboddo</subfield>
  </datafield>
  <datafield tag="790" ind1=" " ind2="1">
    <subfield code="a">Vespuccius,</subfield>
    <subfield code="b">Amerigus</subfield>
    <subfield code="3">IT\ICCU\CNCA\025665</subfield>
    <subfield code="z">Vespucci, Amerigo</subfield>
  </datafield>
  <datafield tag="790" ind1=" " ind2="1">
    <subfield code="a">Vesputio,</subfield>
    <subfield code="b">Alberico</subfield>
    <subfield code="3">IT\ICCU\CNCA\025685</subfield>
    <subfield code="z">Vespucci, Amerigo</subfield>
  </datafield>
  <datafield tag="791" ind1="0" ind2="0">
    <subfield code="a">Zeno, Enrico &amp; Sant&apos;Orso, Giovanni Maria</subfield>
    <subfield code="3">IT\ICCU\CNCT\001414</subfield>
    <subfield code="z">Ca&apos;_Zeno, Enrico &amp; Ca&apos;_Zeno, Giovanni Maria</subfield>
  </datafield>
  <datafield tag="791" ind1="0" ind2="0">
    <subfield code="a">Sant&apos;Orso, Giovanni Maria</subfield>
    <subfield code="3">IT\ICCU\CNCT\001415</subfield>
    <subfield code="z">Ca&apos;_Zeno, Enrico &amp; Ca&apos;_Zeno, Giovanni Maria</subfield>
  </datafield>
  <datafield tag="791" ind1="0" ind2="0">
    <subfield code="a">Ca&apos;_Zeno, Giovanni Maria</subfield>
    <subfield code="3">IT\ICCU\CNCT\003068</subfield>
    <subfield code="z">Ca&apos;_Zeno, Enrico &amp; Ca&apos;_Zeno, Giovanni Maria</subfield>
  </datafield>
  <datafield tag="801" ind1=" " ind2="3">
    <subfield code="a">IT</subfield>
    <subfield code="b">ICCU</subfield>
    <subfield code="c">20201115</subfield>
  </datafield>
</record>
</collection>
